<?xml version="1.0" encoding="UTF-8"?><collection xmlns="http://www.loc.gov/MARC21/slim"><record><leader>00457nam--2200157-i-4500</leader><controlfield tag="001">000007778</controlfield><controlfield tag="002">20161230</controlfield><controlfield tag="005">20170304200635</controlfield><controlfield tag="008">060222s1000------------r-----000-0-eng-d</controlfield><datafield ind1=" " ind2=" " tag="100"><subfield code="a">Bertrand, Monique</subfield></datafield><datafield ind1=" " ind2=" " tag="245"><subfield code="a">Algebres non associatives et algebres genetiques</subfield></datafield><datafield ind1=" " ind2=" " tag="260"><subfield code="a">Paris</subfield><subfield code="b">Gauthier-villars Editeur</subfield><subfield code="c">1966</subfield></datafield><datafield ind1=" " ind2=" " tag="300"><subfield code="a">103 p</subfield></datafield><datafield ind1=" " ind2=" " tag="490"><subfield code="a">Memorial Des Sciences Mathematiques, Fascicol CLXII</subfield></datafield><datafield ind1=" " ind2=" " tag="852"><subfield code="a">24726</subfield><subfield code="c">512</subfield></datafield><datafield ind1=" " ind2=" " tag="CAT"><subfield code="a">SYS</subfield><subfield code="c">20170304</subfield><subfield code="h">200635</subfield></datafield></record></collection>